<?xml version="1.0" encoding="UTF-8"?><collection xmlns="http://www.loc.gov/MARC21/slim"><record><leader>00433nam--2200133-i-4500</leader><controlfield tag="001">000019136</controlfield><controlfield tag="002">20161230</controlfield><controlfield tag="005">20161230201033</controlfield><controlfield tag="008">060222s1000------------r-----000-0-eng-d</controlfield><datafield ind1=" " ind2=" " tag="080"><subfield code="a">676</subfield></datafield><datafield ind1=" " ind2=" " tag="100"><subfield code="a">Dodson, C.T.J</subfield></datafield><datafield ind1=" " ind2=" " tag="245"><subfield code="a">A survey of the nature of bonds in paper and the behaviour of paper under mechanical strain</subfield></datafield><datafield ind1=" " ind2=" " tag="260"><subfield code="a">Beaconsfield, Bucks, Wiggins Teape Research And Development Ltd., /1969/. 75 P. + 6 Fig</subfield></datafield><datafield ind1=" " ind2=" " tag="852"><subfield code="a">31080</subfield></datafield></record></collection>